
@mastersthesis{mohammadimohammadabadi,
	Title = "\rl{عنوان پایان نامه فارسی}",
	Year = "\rl{1400}",
	language = "Persian",
	school = "\rl{دانشگاه صنعتی اصفهان - دانشکده برق و کامپیوتر}",
	type = "\rl{کارشناسی ارشد}",
	Url = "https://ganj.irandoc.ac.ir//#/search?keywords=تشخیص اختلال شناختی خفیف با استفاده از ویژگی‌های استخراج شده از تصاویر MRI مغزی&basicscope=1",
	author = "\rl{محمدی محمدآبادی. ع}",
}

@article{karimi2020soft,
	title={A soft-switching double-input micro-inverter},
	author={Karimi, Ehsan and Tehrani, Behrooz Mazaheri and Adib, Ehsan},
	journal={IEEE Transactions on Industrial Electronics},
	volume={68},
	number={8},
	pages={6721--6728},
	year={2020},
	publisher={IEEE}
}